<?xml version="1.0" encoding="UTF-8"?><collection xmlns="http://www.loc.gov/MARC21/slim"><record><leader>00506nam--2200181-u-4500</leader><controlfield tag="001">000054385</controlfield><controlfield tag="002">20161230</controlfield><controlfield tag="005">20161230201051</controlfield><controlfield tag="008">111205s1000------------r-----000-0-fre-d</controlfield><datafield ind1=" " ind2=" " tag="040"><subfield code="a">IFIN-HH</subfield></datafield><datafield ind1=" " ind2=" " tag="041"><subfield code="a">fre</subfield></datafield><datafield ind1=" " ind2=" " tag="080"><subfield code="a">539.124.6.134(043)</subfield></datafield><datafield ind1="1" ind2=" " tag="100"><subfield code="a">Pelaquier, Elie</subfield></datafield><datafield ind1="1" ind2="0" tag="245"><subfield code="a">Annihilation proton-antiproton a l'arret et modeles de clusters</subfield><subfield code="b">These</subfield><subfield code="c">Elie pelaquier</subfield></datafield><datafield ind1=" " ind2=" " tag="260"><subfield code="a">Montpellier</subfield><subfield code="b">Universite</subfield><subfield code="c">1978</subfield></datafield><datafield ind1=" " ind2=" " tag="300"><subfield code="a">127P.+DIF.PL</subfield></datafield><datafield ind1=" " ind2=" " tag="852"><subfield code="a">46373</subfield><subfield code="c">539.12</subfield></datafield><datafield ind1=" " ind2=" " tag="CAT"><subfield code="a">Sys</subfield><subfield code="c">20111205</subfield><subfield code="h">165332</subfield></datafield></record></collection>